@misc{snacourse,
    author       = "Lada Adamic",
    title        = "Social Network Analysis",
    year         = "2013",
    howpublished = "\url{https://www.coursera.org/course/sna}"
}
@misc{doll12,
    author       = "Brian Doll",
    title        = "Programming Language Correlation Dataset",
    year         = "2012",
    month        = "April",
    howpublished = "\url{https://gist.github.com/briandoll/e0637fff9c8eec988528}"
}
@misc{github,
    title        = "{GitHub}",
    key          = "GitHub",
    howpublished = "\url{https://github.com/}"
}
@misc{githubarchive,
    title        = "{GitHub Archive}",
    key          = "GitHub Archive",
    howpublished = "\url{http://www.githubarchive.org/}"
}
@misc{googlebigquery,
    title        = "{Google BigQuery}",
    key          = "Google BigQuery",
    howpublished = "\url{https://bigquery.cloud.google.com}"
}
@misc{rodrigues12,
    author       = "Rodrigues, Eduarda Mendes",
    title        = "{GitHub} Data",
    year         = "2012",
    month        = "May",
    howpublished = "\url{http://labs.sapo.pt/networds/2012/05/09/github-data/}"
}
@misc{shah13,
    author       = "Shah, Akshay",
    title        = "Language Use on {GitHub}",
    year         = "2013",
    month        = "February",
    howpublished = "\url{http://datahackermd.com/2013/language-use-on-github/}"
}
@inproceedings{thung2013,
    title        = {Network Structure of Social Coding in {GitHub}},
    author       = {Thung, Ferdian and Lo, David and Jiang, Lingxiao},
    year         = {2013},
    organization = {17th European Conference on Software Maintenance and Reengineering (CSMR)}
}
@article{marrama,
    title  = {Social Coding: Evaluating {Github's} Network using Weighted Community Detection},
    author = {Marrama, Joseph and Low, Tiffany},
    note   = "Course project report"
}
@article{ford13,
    title  = {Programming languages and collaboration communities on GitHub},
    author = {Corey Ford},
    year   = "2013",
    month  = "April",
    note   = "Course project report \url{https://github.com/coyotebush/github-network-analysis}"
}
@article {weber12,
    author    = {Weber, Nicholas M.},
    title     = {Combined methods, thick descriptions: Languages of
        collaboration on {Github}},
    journal   = {Proceedings of the American Society for Information Science
        and Technology},
    volume    = {49},
    number    = {1},
    publisher = {Wiley Subscription Services, Inc., A Wiley Company},
    issn      = {1550-8390},
    url       = {http://dx.doi.org/10.1002/meet.14504901347},
    doi       = {10.1002/meet.14504901347},
    pages     = {1--4},
    year      = {2012},
}
@misc{cuny10,
    author       = "Franck Cuny",
    title        = "Github explorer",
    year         = "2010",
    month        = "March",
    howpublished =
        "\url{http://lumberjaph.net/graph/2010/03/25/github-explorer.html}"
}

@article{albert1999internet,
  added-at = {2011-09-25T03:43:26.000+0200},
  author = {Albert, R. and Jeong, H. and Barab{\'a}si, A.L.},
  biburl = {http://www.bibsonomy.org/bibtex/206baecba3ef6158b3df6198cb2d00543/ytyoun},
  interhash = {9f750e7cc3461f30fa39651ba8b0214e},
  intrahash = {06baecba3ef6158b3df6198cb2d00543},
  journal = {Nature},
  keywords = {scale-free social_network},
  number = 6749,
  pages = {130--131},
  publisher = {Nature Publishing Group},
  timestamp = {2011-09-25T03:43:26.000+0200},
  title = {Internet: Diameter of the world-wide web},
  volume = 401,
  year = 1999
}

@article{broder2000graphStructure,
  added-at = {2006-04-23T09:50:26.000+0200},
  author = {und Ravi Kumar, Andrei Broder},
  biburl = {http://www.bibsonomy.org/bibtex/2015a173280c461659c0928f700e7f426/apo},
  description = {Graph structure in the web},
  interhash = {b30627a45819c8771e99d2375651f101},
  intrahash = {015a173280c461659c0928f700e7f426},
  keywords = {www graph structure},
  timestamp = {2006-04-23T09:50:26.000+0200},
  title = {Graph structure in the web},
  year = 2000
}

@article{Watts-Colective-1998,
  added-at = {2008-11-05T17:37:24.000+0100},
  author = {Watts, D.J. and Strogatz, S.H.},
  biburl = {http://www.bibsonomy.org/bibtex/2f4e723d191c93ba5e08de21abeedef41/siso},
  interhash = {02e54cb4f5d01567f9d4d2bfd5ca6587},
  intrahash = {f4e723d191c93ba5e08de21abeedef41},
  journal = {Nature},
  keywords = {small-world},
  number = 393,
  pages = {440-442},
  timestamp = {2008-11-05T17:37:24.000+0100},
  title = {Collective dynamics of 'small-world' networks},
  year = 1998
}
